% !Mode:: "TeX:UTF-8"

@book{天津理工大学硕士学位模板,
  title={天津理工大学研究生毕业论文模板},
  author={东南亚第一吃饭大王},
  year={2025}
}
